@book{adams1995hitchhiker,
  title     =   {The Hitchhiker's Guide to the Galaxy},
  author    =   {Adams, D.},
  isbn      =   {9781417642595},
  url       =   {http://books.google.com/books?id=W-xMPgAACAAJ},
  year      =   {1995},
  publisher =   {San Val}
}


@online{TAP_nn,
  author = {JAKOB NIELSEN},
  title = {Thinking Aloud: The \#1 Usability Tool},
  year = 2012,
  url = {https://www.nngroup.com/articles/thinking-aloud-the-1-usability-tool/},
  urldate = {2018-04-04}
}

@online{SF_ConvNet,
  author = {Andrej Karpathy},
  title = {CS231n Convolutional Neural Networks for Visual Recognition},
  year = 2018,
  url = {http://cs231n.github.io/convolutional-networks/},
  urldate = {2018-15-10}
}

@online{FCC,
  author = {Adit Deshpande},
  title = {A Beginner's Guide To Understanding Convolutional Neural Networks},
  year = 2016,
  url = {https://adeshpande3.github.io/A-Beginner%27s-Guide-To-Understanding-Convolutional-Neural-Networks/},
  urldate = {2018-15-10}
}

@online{YOLO,
  author = {J. Redmon, S. Divvala, R. Girshick, and A. Farhadi},
  title = {You Only Look Once: Unified, Real-Time Object Detection},
  year = 2016,
  url = {https://pjreddie.com/media/files/papers/yolo_1.pdf},
  urldate = {2018-15-10}
}

@online{darknet13,
  author =   {Joseph Redmon},
  title =    {Darknet: Open Source Neural Networks in C},
  url = {http://pjreddie.com/darknet/},
  year = {2013--2016},
  urldate = {2018-15-10}
}


@online{YOLOv2,
  author = {Joseph Redmon, and Ali Farhadi},
  title = {YOLO9000},
  year = 2017,
  url = {https://pjreddie.com/media/files/papers/YOLO9000.pdf},
  urldate = {2018-15-10}
}

@techreport{YOLOv3,
  author = {Joseph Redmon, and Ali Farhadi},
  title = {YOLOv3},
  institution = {University of Washington},
  year = 2018,
  url = {https://pjreddie.com/media/files/papers/YOLOv3.pdf},
}

@online{yolo_res,
  author =   {Joseph Redmon},
  title =    {Darknet: Open Source Neural Networks in C},
  url = {http://pjreddie.com/darknet/yolo/},
  year = {2018},
    urldate = {2018-15-10}
}

@techreport {rcnn,
    author = {R. Girshick, J. Donahue, T. Darrell, and J. Malik.},
    title = {Rich feature hierarchies for accurate object detection and semantic segmentation},
    institution = {UC Berkeley},
    year = {2014},
    url = {https://arxiv.org/pdf/1311.2524.pdf},
}